@article{midi,
  title = {On dense granular flows.},
  author = {GDR MiDi},
  journal = {Eur. Phys. J. E},
  volume = {14},
  pages = {341-365},
  year = {2004},
  doi = {10.1140/epje/i2003-10153-0},
  url = {http://epje.epj.org/articles/epje/abs/2004/08/epje03211/epje03211.html},
  publisher = {EDP Sciences}
}

@article{pouli,
  title = {A constitutive law for dense granular flows.},
  author = {Jop, P. and Forterre, Y. and Pouliquen, O.},
  journal = {Nature},
  volume = {441},
  pages = {727-730},
  year = {2006},
  doi = {10.1038/nature04801},
  url = {http://www.nature.com/nature/journal/v441/n7094/suppinfo/nature04801_S1.html},
  publisher = {Nature Publishing Group}
}

@article{3phase,
  title = {A three-phase mixture theory for particle size segregation in shallow granular free-surface flows.},
  author = {Thornton, A. and Gray, J. M. N. T. and Hogg, A. J.},
  journal = {J. Fluid Mech.},
  volume = {550},
  pages = {1-25},
  year = {2006},
  doi = {10.1017/S0022112005007676},
}

@article{eisert,
  title = {\textit{Colloquium}      : Area laws for the entanglement entropy},
  author = {Eisert, J. and Cramer, M. and Plenio, M. B.},
  journal = {Rev. Mod. Phys.},
  volume = {82},
  issue = {1},
  pages = {277--306},
  year = {2010},
  month = {Feb},
  doi = {10.1103/RevModPhys.82.277},
  url = {http://link.aps.org/doi/10.1103/RevModPhys.82.277},
  publisher = {American Physical Society}
}

@article{peschel,
  title = {Reduced density matrices and entanglement entropy in free lattice models},
  author = {Peschel, I and Eisler, V},
  journal = {J. Phys. A},
  volume = {42},
  year = {2009},
  month = {Dec},
  doi = {10.1088/1751-8113/42/50/504003},
  url = {http://iopscience.iop.org/1751-8121/42/50/504003/},
  publisher = {IOP Science}
}

@article{blackholes,
  title = {Quantum source of entropy for black holes},
  author = {Bombelli, Luca and Koul, Rabinder K. and Lee, Joohan and Sorkin, Rafael D.},
  journal = {Phys. Rev. D},
  volume = {34},
  issue = {2},
  pages = {373--383},
  year = {1986},
  month = {Jul},
  doi = {10.1103/PhysRevD.34.373},
  url = {http://link.aps.org/doi/10.1103/PhysRevD.34.373},
  publisher = {American Physical Society}
}

@article{bogo,
  title = {Diagonalization of the Antiferromagnetic Magnon-Phonon Interaction},
  author = {White, R. M. and Sparks, M. and Ortenburger, I.},
  journal = {Phys. Rev.},
  volume = {139},
  issue = {2A},
  pages = {A450--A454},
  year = {1965},
  month = {Jul},
  doi = {10.1103/PhysRev.139.A450},
  url = {http://link.aps.org/doi/10.1103/PhysRev.139.A450},
  publisher = {American Physical Society}
}

@book{basdevant,
	title={Mécanique quantique},
	author={Basdevant, Jean-Louis and Dalibard, Jean},
	publisher={Éditions de l'École Polytechnique},
	year={2002},
	pages={500--523}
}
