@article{midi,
  title = {On dense granular flows.},
  author = {GDR MiDi},
  journal = {Eur. Phys. J. E},
  volume = {14},
  pages = {341-365},
  year = {2004},
  doi = {10.1140/epje/i2003-10153-0},
  url = {http://epje.epj.org/articles/epje/abs/2004/08/epje03211/epje03211.html},
  publisher = {EDP Sciences}
}

@article{pouli,
  title = {A constitutive law for dense granular flows.},
  author = {Jop, P. and Forterre, Y. and Pouliquen, O.},
  journal = {Nature},
  volume = {441},
  pages = {727-730},
  year = {2006},
  doi = {10.1038/nature04801},
  url = {http://www.nature.com/nature/journal/v441/n7094/suppinfo/nature04801_S1.html},
  publisher = {Nature Publishing Group}
}

@article{3phase,
  title = {A three-phase mixture theory for particle size segregation in shallow granular free-surface flows.},
  author = {Thornton, A. and Gray, J. M. N. T. and Hogg, A. J.},
  journal = {Journal of Fluid Mechanics},
  volume = {550},
  pages = {1-25},
  year = {2006},
  doi = {10.1017/S0022112005007676},
}

﻿@article {main,
author = {Johnson, C. G. and Kokelaar, B. P. and Iverson, R. M. and Logan, M. and LaHusen, R. G. and Gray, J. M. N. T.},
title = {Grain-size segregation and levee formation in geophysical mass flows},
journal = {Journal of Geophysical Research: Earth Surface},
volume = {117},
number = {F1},
issn = {2156-2202},
url = {http://dx.doi.org/10.1029/2011JF002185},
doi = {10.1029/2011JF002185},
pages = {n/a--n/a},
keywords = {avalanche, debris flow, deposit, levees, segregation},
year = {2012},
}

@article{2D,
author = {Gray,J. M. N. T. and Ancey,C.},
title = {Segregation, recirculation and deposition of coarse particles near two-dimensional avalanche fronts},
journal = {Journal of Fluid Mechanics},
volume = {629},
month = {6},
year = {2009},
issn = {1469-7645},
pages = {387--423},
numpages = {37},
doi = {10.1017/S0022112009006466},
URL = {http://journals.cambridge.org/article_S0022112009006466},
}

@article{KT,
    author = {Kurganov, Alexander and Tadmor, Eitan},
    title = {New High-Resolution Central Schemes for Nonlinear Conservation Laws and Convection-Diffusion Equations},
    journal = {J. Comput. Phys},
    year = {},
    volume = {160},
    pages = {241--282}
}

@book{leveque,
	title={Finite Volume Methods for Hyperbolic Problems},
	author={Leveque, Randall J.},
	publisher={Cambridge University Press},
	year={2002},
}

﻿@article {lxf,
author = {Friedrichs, K. O. and Lax, P. D.},
title = {Boundary value problems for first order operators},
journal = {Communications on Pure and Applied Mathematics},
volume = {18},
number = {1-2},
publisher = {Wiley Subscription Services, Inc., A Wiley Company},
issn = {1097-0312},
url = {http://dx.doi.org/10.1002/cpa.3160180127},
doi = {10.1002/cpa.3160180127},
pages = {355--388},
year = {1965},
}

﻿@article {laxwendroff,
author = {Lax, Peter and Wendroff, Burton},
title = {Systems of conservation laws},
journal = {Communications on Pure and Applied Mathematics},
volume = {13},
number = {2},
publisher = {Wiley Subscription Services, Inc., A Wiley Company},
issn = {1097-0312},
url = {http://dx.doi.org/10.1002/cpa.3160130205},
doi = {10.1002/cpa.3160130205},
pages = {217--237},
year = {1960},
}

@article{ice,
author = {Gray, J. M. N. T. and Morland, L. W.}, 
title = {A Two-Dimensional Model for the Dynamics of Sea Ice},
volume = {347}, 
number = {1682}, 
pages = {219-290}, 
year = {1994}, 
doi = {10.1098/rsta.1994.0045}, 
URL = {http://rsta.royalsocietypublishing.org/content/347/1682/219.abstract}, 
eprint = {http://rsta.royalsocietypublishing.org/content/347/1682/219.full.pdf+html}, 
journal = {Philosophical Transactions of the Royal Society of London. Series A: Physical and Engineering Sciences} 
}

@article{pouli2,
author = {O. Pouliquen},
collaboration = {},
title = {Scaling laws in granular flows down rough inclined planes},
publisher = {AIP},
year = {1999},
journal = {Physics of Fluids},
volume = {11},
number = {3},
pages = {542-548},
keywords = {granular flow; rough surfaces; surface topography; external flows},
url = {http://link.aip.org/link/?PHF/11/542/1},
doi = {10.1063/1.869928}
}
